% This file was created with Citavi 6.4.0.35

@booklet{.20200623T05:06:09.000Z,
 abstract = {Wasser (Stoffdaten) Hauptartikel: Wasser. Weiteres empfehlenswertes Fachwissen Erkennen Sie die Auswirkungen elektrostatischer Aufladungen auf Ihre Waage var},
 author = {Chemie.de},
 year = {23.06.2020},
 title = {Wasser{\_}(Stoffdaten)},
 url = {https://www.chemie.de/lexikon/Wasser_%28Stoffdaten%29.html},
 lastchecked = {2020-06-23},
 file = {https://www.chemie.de/lexikon/Wasser_(Stoffdaten).html}
}


@booklet{.30.9.2008,
 author = {{Universit{\"a}t Duisburg-Essen}},
 year = {30.09.2008},
 title = {Eigenschaften von Seifenl{\"o}sungen - Erniedrigung der Oberfl{\"a}chenspannung},
 url = {https://www.uni-due.de/~hc0014/S+WM/Wirkung/Wirkung4.htm},
 lastchecked = {2020-06-23}
}


@article{Harkins.1930,
 author = {Harkins, William D. and Jordan, Hubert F.},
 year = {1930},
 title = {A METHOD FOR THE DETERMINATION OF SURFACE AND INTERFACIAL TENSION FROM THE MAXIMUM PULL ON A RING},
 pages = {1751--1772},
 pagination = {page},
 volume = {52},
 number = {5},
 issn = {0002-7863},
 journal = {Journal of the American Chemical Society},
 doi = {10.1021/ja01368a004}
}


@book{Hulsenberg.2010,
 author = {H{\"u}lsenberg, Dagmar},
 year = {2010},
 title = {Oberfl{\"a}chenspannung},
 url = {https://roempp.thieme.de/lexicon/RD-15-00042},
 publisher = {{Thieme Gruppe}}
}


@booklet{Wikipedia.2020c,
 abstract = {Sodium dodecyl sulfate (SDS) or sodium lauryl sulfate (SLS), sometimes written sodium laurilsulfate, is a synthetic organic compound with the formula CH3(CH2)11SO4Na. It is an anionic surfactant used in many cleaning and hygiene products. This molecule is an organosulfate and a salt. It consists of a 12-carbon tail attached to a sulfate group, that is, it is the sodium salt of dodecyl hydrogen sulfate, the ester of dodecyl alcohol and sulfuric acid. Its hydrocarbon tail combined with a polar {\textquotedbl}headgroup{\textquotedbl} give the compound amphiphilic properties and so make it useful as a detergent.  Also derived as a component of mixtures produced from inexpensive coconut and palm oils, SDS is a common component of many domestic cleaning, personal hygiene and cosmetic, pharmaceutical, and food products, as well as of industrial and commercial cleaning and product formulations.},
 editor = {Wikipedia},
 year = {2020},
 title = {Sodium dodecyl sulfate},
 url = {https://en.wikipedia.org/w/index.php?title=Sodium_dodecyl_sulfate&oldid=959612478},
 lastchecked = {2020-06-23}
}


@booklet{Wikipedia.2020d,
 abstract = {Das Ethanol (IUPAC) oder der Ethylalkohol, auch {\"A}thanol oder {\"A}thylalkohol, gemeinsprachlich auch (gew{\"o}hnlicher) Alkohol genannt, ist ein aliphatischer, einwertiger Alkohol mit der Summenformel C2H6O.

Die reine Substanz ist eine bei Raumtemperatur farblose, leicht entz{\"u}ndliche Fl{\"u}ssigkeit mit einem brennenden Geschmack und einem charakteristischen, w{\"u}rzigen (s{\"u}{\ss}lichen) Geruch. Die als Lebergift eingestufte Droge wird bei der Herstellung von Genussmitteln und alkoholischen Getr{\"a}nken wie Wein, Bier und Spirituosen aus kohlenhydrathaltigem Material durch eine von Hefen ausgel{\"o}ste G{\"a}rung in gro{\ss}em Ma{\ss}stab produziert.

Die Verg{\"a}rung von Zucker zu Ethanol ist eine der {\"a}ltesten bekannten biochemischen Reaktionen. Seit dem 19. Jahrhundert wird Ethanol f{\"u}r industrielle Zwecke aus Ethen hergestellt. Ethanol hat eine weite Verbreitung als L{\"o}sungsmittel f{\"u}r Stoffe, die f{\"u}r medizinische oder kosmetische Zwecke eingesetzt werden, wie Duftstoffe, Aromen, Farbstoffe oder Medikamente sowie als Desinfektionsmittel. Die chemische Industrie verwendet es sowohl als L{\"o}sungsmittel als auch als Ausgangsstoff f{\"u}r die Synthese weiterer Produkte wie Carbons{\"a}ureethylester.

Ethanol wird energetisch als Biokraftstoff, etwa als sogenanntes Bioethanol verwendet. Beispielsweise enth{\"a}lt der Ethanol-Kraftstoff E85 einen Ethanolanteil von 85 Volumenprozent.},
 editor = {Wikipedia},
 year = {2020},
 title = {Ethanol},
 url = {https://de.wikipedia.org/w/index.php?title=Ethanol&oldid=200091209},
 lastchecked = {2020-06-23},
 file = {804de0a8-f705-4a88-873e-1f4eab2691de:C\:\\Users\\User\\AppData\\Local\\Swiss Academic Software\\Citavi 6\\ProjectCache\\upgkvjhnp2kd3cghlbtzguemo0q812eqac33jd1qbrkf8t8\\Citavi Attachments\\804de0a8-f705-4a88-873e-1f4eab2691de.pdf:pdf}
}


