% This file was created with Citavi 6.5.0.0

@booklet{.20200803T04:13:56.000Z,
 abstract = {The iodine number as a quality control parameter of activated carbon The iodine number (or ``iodine value'') (ASTM D4607) is an indication of the av},
 year = {03.08.2020},
 title = {The iodine number | Desotec},
 url = {https://www.desotec.com/en/carbonology/carbonology-academy/iodine-number},
 lastchecked = {2020-08-03}
}


@book{anleitung,
 author = {{Prof. Bernhard Neumann}},
 title = {Virtueller Versuch: ADS - Adsroptionsisotherme}
}


@booklet{extinktion,
 author = {{FH M{\"u}nchen}},
 title = {Lambert-Beersches Gesetz},
 url = {https://www.google.com/url?sa=t&rct=j&q=&esrc=s&source=web&cd=&ved=2ahUKEwiExKyppY7rAhUH6aQKHYeCDikQFjAJegQIChAB&url=http%3A%2F%2Fdodo.fb06.fh-muenchen.de%2Fmaier%2Fanalytik%2FBlaetter%2FN071_Absorptionsspektrometrie1_a_BAneu.pdf&usg=AOvVaw165iKLdZEfOJPZBZcYF-aa},
 file = {a6f526e2-d07f-471b-b32a-bcd078016b34:C\:\\Users\\User\\AppData\\Local\\Swiss Academic Software\\Citavi 6\\ProjectCache\\upgkvjhnp2kd3cghlbtzguemo0q812eqac33jd1qbrkf8t8\\Remote Attachments\\a6f526e2-d07f-471b-b32a-bcd078016b34.pdf:pdf}
}


@booklet{iodzahl,
 author = {{Metrohm Process Lab}},
 title = {Iodine adsorption number of carbon black according to ASTM D 1510},
 url = {https://partners.metrohm.com/GetDocumentPublic?action=get_dms_document&docid=693487},
 lastchecked = {2020-08-03}
}


@booklet{iodzahl_IAN,
 author = {{Universit{\"a}t Duisburg-Essen}},
 title = {Research Praktikum zum Thema {\glqq}Charakterisierung von Aktivkohle anhand der Iodzahl{\grqq}},
 url = {https://www.google.com/url?sa=t&rct=j&q=&esrc=s&source=web&cd=&cad=rja&uact=8&ved=2ahUKEwja9bGMl47rAhUJCuwKHTITCDAQFjAAegQIAxAB&url=https%3A%2F%2Fwww.uni-due.de%2Fimperia%2Fmd%2Fcontent%2Fwassertechnik%2Fresearch_iodzahl.pdf&usg=AOvVaw2w3eRV9Aj-Td1hAZaW6jm0}
}


@booklet{MettlerToledoInternationalInc.allrightsreserved.2019,
 abstract = {The iodine adsorption number depends on the surface porosity of carbon black. It is determined in accordance to ASTM D 1510-16},
 author = {{Mettler-Toledo International Inc. all rights reserved}},
 year = {2019},
 title = {Iodine Adsorption Number of Carbon Black},
 url = {https://www.mt.com/my/en/home/supportive_content/ana_chem_applications/titration/M798.html},
 lastchecked = {2020-08-03}
}


@booklet{Wikipedia.2020e_sorption,
 abstract = {Eine Sorptionsisotherme beschreibt den Gleichgewichtszustand der Sorption eines Stoffes bei konstanter Temperatur. 
Bei Adsorption besteht für eine Substanz (das Adsorbat) ein Gleichgewicht zwischen Atomen/Molekülen die sich in einer Gasphase befinden oder in einem Lösungsmittel gelöst sind und solchen, die an einer Grenzfläche des Adsorptionsmittels (=Adsorbens) adsorbiert sind. Adsorptionsisothermen ordnen die bei konstanter Temperatur an der Oberfläche gebundene Menge des Sorbates seinem Partialdruck in der Gasphase bzw. seiner Konzentration in der Lösung zu.
Adsorptionsisothermen werden experimentell durch Adsorptionsversuche ermittelt D. h., ein unbeladenes Adsorptionsmittel wird in Kontakt mit einer Gasphase oder Lösung gebracht, die das betrachtete Sorbat enthält und die adsorbierte Menge als Funktion des Partialdruckes oder der Konzentration bestimmt. Hierbei kann ein einfaches Experiment allerdings i. d. R. nicht zwischen Absorption und Adsorption unterscheiden. Bei der Ermittlung von Desorptionsisothermen wird ein beladener Sorbent mit einer unbeladenen Lösung in Kontakt gebracht. Wenn Adsorptions- und Desorptionsisothermen nicht identisch sind, spricht man von einer Hysterese der Adsorption/Desorption. Für manche praktische Zwecke ist die Kenntnis dieser experimentellen Abhängigkeit für ein spezifisches Paar aus Adsorbens und Adsorbat ausreichend.
Darüber hinaus gibt es in der Wissenschaft mehrere prominente mathematisch formulierte Adsorptionsisothermen. Die in diesen mathematisch formulierten Adsorptionsisothermen enthaltenen Parameter können aus Messdaten mittels Regressionsanalysen gewonnen werden. Manche mathematisch formulierte Adsorptionsisothermen sind rein empirisch entstanden und erlauben keine Aussagen über zugrunde liegende Mechanismen und Einflussgrößen. Andere hingegen basieren auf nachvollziehbaren kinetischen bzw. thermodynamischen Ableitungen; die darin enthaltenen Parameter können unter geeigneten Umständen Zustandsgrößen liefern.  Da Sorptionsisothermen mitunter die Summe mehrerer, häufig nicht mathematisch separierbarer Effekte darstellen, ist ihre Anwendbarkeit auf experimentelle Daten nicht immer gegeben. Daher finden sich in der Literatur verschiedene Adsorptionsisothermen, die jeweils unter anderen Randbedingungen anwendbar sind.
Nachfolgend werden die am häufigsten verwendeten Isothermen aufgeführt. Es existieren noch zahlreiche weitere Modelle, die oft Modifikationen der genannten Modelle sind. In den aufgeführten Beispielen wird von Adsorption aus Lösung ausgegangen und die adsorbierte Menge als Funktion der Konzentration ausgedrückt. Ist das Adsorbat hingegen ein Gas, so ersetzen wir in den Formeln die Konzentration des Adsorbates, C, durch seinen Partialdruck. Die Dimension der in den Isothermen verwendeten Parameter ändert sich dementsprechend. Die adsorbierte Menge wird meist in einer der beiden folgenden Größen angegeben.
das Verhältnis von adsorbierter Menge zur Menge einer hypothetischen geschlossenen Monoschicht,



Θ


{\displaystyle \Theta }
,oder
das Verhältnis von adsorbierter Menge zur Menge des Adsorptionsmittel, q



Θ


{\displaystyle \Theta }
ist dimensionslos, die Dimension von q richtet sich danach welche Größen wir zur Erfassung der jeweiligen Mengen verwenden. D.h. q kann dimensionslos sein oder die Dimensionen Masse/Volumen, Stoffmenge/Volumen, oder Stoffmenge/Masse haben. Man kann



Θ


{\displaystyle \Theta }
in q umrechnen, indem man es mit dem Produkt aus der Grenzflächenkonzentration einer geschlossenen Monoschicht




Γ

m
o
n
o
,
m
a
x




{\displaystyle \Gamma _{mono,max}}
des Adsorbates und der spezifischen Oberfläche des Adsorptionsmittels,



S


{\displaystyle S}
, multipliziert:



q
=
Θ
⋅

Γ

m
o
n
o
,
m
a
x


⋅
S


{\displaystyle q=\Theta \cdot \Gamma _{mono,max}\cdot S}

In den u. a. Formeln ist als Maß für die adsorbierte Menge



q


{\displaystyle q}
verwendet, in der Literatur wird jedoch mit der gleichen Berechtigung links des Gleichheitszeichens



Θ


{\displaystyle \Theta }
anstelle von



q


{\displaystyle q}

verwendet und die Terme rechts des Gleichheitszeichens unver{\"a}ndert gelassen. Zahlenwerte und Dimensionen der entsprechenden Parameter {\"a}ndern sich entsprechend.},
 editor = {Wikipedia},
 year = {2020},
 title = {Sorptionsisotherme},
 url = {https://de.wikipedia.org/w/index.php?title=Sorptionsisotherme&oldid=200648256},
 lastchecked = {2020-08-05},
 file = {2adbc55b-2df1-4659-aa37-a0290586aecc:C\:\\Users\\User\\AppData\\Local\\Swiss Academic Software\\Citavi 6\\ProjectCache\\upgkvjhnp2kd3cghlbtzguemo0q812eqac33jd1qbrkf8t8\\Citavi Attachments\\2adbc55b-2df1-4659-aa37-a0290586aecc.pdf:pdf}
}


