% This file was created with Citavi 6.4.0.35

@booklet{zust,
 author = {{Hochschule Merseburg}},
 year = {06.05.2020},
 title = {ZUST},
 url = {http://physchem.hs-merseburg.de/info_ZUST.htm},
 lastchecked = {2020-06-19}
}


@book{Foth.2006,
 author = {Foth, Hans-Jochen},
 year = {2006},
 title = {kritischer Punkt},
 url = {https://roempp.thieme.de/lexicon/RD-11-02216},
 publisher = {{Thieme Gruppe}}
}


@book{Foth.2006b,
 author = {Foth, Hans-Jochen},
 year = {2006},
 title = {Tripelpunkt},
 url = {https://roempp.thieme.de/lexicon/RD-20-03055},
 publisher = {{Thieme Gruppe}}
}


@book{Foth.2008,
 author = {Foth, Hans-Jochen},
 year = {2008},
 title = {kritische Gr{\"o}{\ss}en},
 url = {https://roempp.thieme.de/lexicon/RD-11-02209},
 publisher = {{Thieme Gruppe}}
}


@book{Lide.1994,
 year = {1994},
 title = {CRC handbook of chemistry and physics: A ready-reference book of chemical and physical data},
 address = {Boca Raton},
 edition = {75. ed.},
 publisher = {{CRC Press}},
 isbn = {978-0-8493-0475-0},
 editor = {Lide, David R.},
 file = {https://external.dandelon.com/download/attachments/dandelon/ids/DE004CCB402A802F0662CC1257AF60028F237.pdf}
}


@booklet{Wikipedia.2019,
 abstract = {Ein p-T-Diagramm ist die am weitesten verbreitete Form eines Phasendiagramms, bei der der Druck p eines Systems gegen die Temperatur T aufgetragen wird. 
Gemäß der Gibbsschen Phasenregel hat ein reines Fluid beziehungsweise ein Fluidgemisch mit konstanter Zusammensetzung zwei Freiheitsgrade. Daraus folgt, eine gleich bleibende Stoffmenge vorausgesetzt, dass in der Funktion



p
=
p
(
V
,
T
)


{\displaystyle p=p(V,T)}

der Druck p eindeutig durch das Volumen V und die Temperatur T beschrieben wird.

Tr{\"a}gt man diesen Zusammenhang in ein dreidimensionales Diagramm ein, so entsteht ein p-V-T-Diagramm. Wenn man diese Oberfl{\"a}che in die p-T-Ebene projiziert, erh{\"a}lt man ein p-T-Diagramm. Hierbei ist der Druck p die Ordinate, die Temperatur T die Abszisse und das Volumen V muss f{\"u}r jeden Graphen als Konstante gew{\"a}hlt werden (Isochore).

In dieses Diagramm werden h{\"a}ufig auch die Grenzen der Aggregatzust{\"a}nde {\glqq}fest{\grqq}, {\glqq}fl{\"u}ssig{\grqq} und {\glqq}gasf{\"o}rmig{\grqq} beziehungsweise die einzelnen Phasen des Stoffes eingetragen.},
 editor = {Wikipedia},
 year = {2019},
 title = {p-T-Diagramm},
 url = {https://de.wikipedia.org/w/index.php?title=P-T-Diagramm&oldid=193659865},
 lastchecked = {2020-06-18}
}


@booklet{Wikipedia.2020b,
 abstract = {Schwefelhexafluorid ist eine anorganische chemische Verbindung aus den Elementen Schwefel und Fluor mit der Summenformel SF6. Es ist unter Normalbedingungen ein farb- und geruchloses, ungiftiges und nicht brennbares Gas, das sich {\"a}u{\ss}erst reaktionstr{\"a}ge, {\"a}hnlich wie Stickstoff, verh{\"a}lt. Bei Normaldruck und einer Temperatur von $-$63,8 °C geht Schwefelhexafluorid durch Sublimation direkt vom festen in den gasf{\"o}rmigen Zustand {\"u}ber.},
 editor = {Wikipedia},
 year = {2020},
 title = {Schwefelhexafluorid},
 url = {https://de.wikipedia.org/w/index.php?title=Schwefelhexafluorid&oldid=200819719},
 lastchecked = {2020-06-18},
 file = {d2f008fb-7537-4796-811a-e414d9d9dc75:C\:\\Users\\User\\AppData\\Local\\Swiss Academic Software\\Citavi 6\\ProjectCache\\upgkvjhnp2kd3cghlbtzguemo0q812eqac33jd1qbrkf8t8\\Citavi Attachments\\d2f008fb-7537-4796-811a-e414d9d9dc75.pdf:pdf}
}


